<?xml version="1.0" encoding="UTF-8"?><collection xmlns="http://www.loc.gov/MARC21/slim"><record><leader>00439nam--2200133-i-4500</leader><controlfield tag="001">000010513</controlfield><controlfield tag="002">20161230</controlfield><controlfield tag="005">20161230201028</controlfield><controlfield tag="008">060222s1000------------r-----000-0-eng-d</controlfield><datafield ind1=" " ind2=" " tag="080"><subfield code="a">015:548.73:546.881</subfield></datafield><datafield ind1=" " ind2=" " tag="100"><subfield code="a">Blanzat, Brenard</subfield></datafield><datafield ind1=" " ind2=" " tag="245"><subfield code="a">Etude des proprietes cristallographiques spect roscopiques de vanadates a structure grenat do pes a l europium trivalent. these</subfield></datafield><datafield ind1=" " ind2=" " tag="260"><subfield code="a">Orsay, Faculte Des Sciences, 1972. 91 P</subfield></datafield><datafield ind1=" " ind2=" " tag="852"><subfield code="a">38029</subfield></datafield></record></collection>